<collection xmlns="http://www.loc.gov/MARC21/slim">
<record>
  <leader>02182nam0a22003371i 450 </leader>
  <controlfield tag="001">IT\ICCU\CNCE\037502</controlfield>
  <controlfield tag="005">20130108000000.0</controlfield>
  <datafield tag="012" ind1=" " ind2=" ">
    <subfield code="a">n-l- ela, c.au gnQu (3) 1583 (R)</subfield>
    <subfield code="2">fei</subfield>
  </datafield>
  <datafield tag="100" ind1=" " ind2=" ">
    <subfield code="a">19981019d1583        0itac0103    ba</subfield>
  </datafield>
  <datafield tag="101" ind1=" " ind2=" ">
    <subfield code="a">LAT</subfield>
  </datafield>
  <datafield tag="102" ind1=" " ind2=" ">
    <subfield code="a">IT</subfield>
  </datafield>
  <datafield tag="200" ind1="1" ind2=" ">
    <subfield code="a">℗Al. Antonii Sompani Sidicini et presb. Sergii Sarmenti Salani ℗Totius fere rei grammaticae epitomae. Ex optimis quibusque Latinae linguae authoribus decerptae noua quadam, ac mirabili docendi ratione in lucem prodeunt Caesaris Benenati industria multo, quam ante correctiores, &amp; locupletiores. Praeter Sidicini vitam, ac dialogum de periodis, earumque partibus addidimus huic nouae editioni de equis, eorumque partibus, atque nominibus, una cum Latini sermonis formulis, ac dicendi modis inter se significatione cognatis opuscolum, Caesare Benenato authore</subfield>
  </datafield>
  <datafield tag="210" ind1=" " ind2=" ">
    <subfield code="a">Venetiis</subfield>
    <subfield code="c">apud Guerraeos fratres</subfield>
    <subfield code="c">sumptibus Bernardini Lignaghi</subfield>
    <subfield code="d">1583</subfield>
  </datafield>
  <datafield tag="215" ind1=" " ind2=" ">
    <subfield code="a">\4!, 102 c.</subfield>
    <subfield code="d">8ʻ</subfield>
  </datafield>
  <datafield tag="620" ind1=" " ind2=" ">
    <subfield code="a">IT</subfield>
    <subfield code="d">Venezia</subfield>
  </datafield>
  <datafield tag="700" ind1=" " ind2="1">
    <subfield code="a">Sompano,</subfield>
    <subfield code="b">Luigi Antonio</subfield>
    <subfield code="3">IT\ICCU\CNCA\007341</subfield>
  </datafield>
  <datafield tag="702" ind1=" " ind2="1">
    <subfield code="a">Sarmiento,</subfield>
    <subfield code="b">Sergio</subfield>
    <subfield code="3">IT\ICCU\CNCA\007386</subfield>
  </datafield>
  <datafield tag="702" ind1=" " ind2="1">
    <subfield code="a">Benenato,</subfield>
    <subfield code="b">Cesare</subfield>
    <subfield code="3">IT\ICCU\CNCA\001601</subfield>
  </datafield>
  <datafield tag="712" ind1="0" ind2="0">
    <subfield code="a">Guerra, Domenico &amp; Guerra, Giovanni Battista</subfield>
    <subfield code="3">IT\ICCU\CNCT\000155</subfield>
    <subfield code="4">650</subfield>
  </datafield>
  <datafield tag="712" ind1="0" ind2="0">
    <subfield code="a">Lignago, Bernardino</subfield>
    <subfield code="3">IT\ICCU\CNCT\003263</subfield>
    <subfield code="4">650</subfield>
  </datafield>
  <datafield tag="790" ind1=" " ind2="1">
    <subfield code="a">Sidicinus,</subfield>
    <subfield code="b">Aloysius Antonius</subfield>
    <subfield code="3">IT\ICCU\CNCA\024114</subfield>
    <subfield code="z">Sompano, Luigi Antonio</subfield>
  </datafield>
  <datafield tag="790" ind1=" " ind2="1">
    <subfield code="a">Sompanus,</subfield>
    <subfield code="b">Aloisius Antonius</subfield>
    <subfield code="3">IT\ICCU\CNCA\024115</subfield>
    <subfield code="z">Sompano, Luigi Antonio</subfield>
  </datafield>
  <datafield tag="790" ind1=" " ind2="1">
    <subfield code="a">Sarmento,</subfield>
    <subfield code="b">Sergio</subfield>
    <subfield code="3">IT\ICCU\CNCA\023853</subfield>
    <subfield code="z">Sarmiento, Sergio</subfield>
  </datafield>
  <datafield tag="790" ind1=" " ind2="1">
    <subfield code="a">Sarmentus,</subfield>
    <subfield code="b">Sergius</subfield>
    <subfield code="3">IT\ICCU\CNCA\023854</subfield>
    <subfield code="z">Sarmiento, Sergio</subfield>
  </datafield>
  <datafield tag="790" ind1=" " ind2="0">
    <subfield code="a">Sergius</subfield>
    <subfield code="c"> : Salanus</subfield>
    <subfield code="3">IT\ICCU\CNCA\023855</subfield>
    <subfield code="z">Sarmiento, Sergio</subfield>
  </datafield>
  <datafield tag="790" ind1=" " ind2="1">
    <subfield code="a">Sarmenzio,</subfield>
    <subfield code="b">Sergio</subfield>
    <subfield code="3">IT\ICCU\CNCA\023879</subfield>
    <subfield code="z">Sarmiento, Sergio</subfield>
  </datafield>
  <datafield tag="791" ind1="0" ind2="2">
    <subfield code="a">Guerraei fratres</subfield>
    <subfield code="3">IT\ICCU\CNCT\005074</subfield>
    <subfield code="z">Guerra, Domenico &amp; Guerra, Giovanni Battista</subfield>
  </datafield>
  <datafield tag="791" ind1="0" ind2="2">
    <subfield code="a">Guerri</subfield>
    <subfield code="3">IT\ICCU\CNCT\005076</subfield>
    <subfield code="z">Guerra, Domenico &amp; Guerra, Giovanni Battista</subfield>
  </datafield>
  <datafield tag="791" ind1="0" ind2="0">
    <subfield code="a">Lignagus, Bernardinus</subfield>
    <subfield code="3">IT\ICCU\CNCT\004964</subfield>
    <subfield code="z">Lignago, Bernardino</subfield>
  </datafield>
  <datafield tag="801" ind1=" " ind2="3">
    <subfield code="a">IT</subfield>
    <subfield code="b">ICCU</subfield>
    <subfield code="c">20201114</subfield>
  </datafield>
  <datafield tag="899" ind1=" " ind2=" ">
    <subfield code="a">Biblioteca centrale dell&apos;Area umanistica dell&apos;Universit ̉degli studi di Urbino. Urbino</subfield>
    <subfield code="1">PU0206</subfield>
    <subfield code="2">URB AU</subfield>
  </datafield>
</record>
</collection>
